2408 4094
361 400 551 444 stater-n
572 394 591 443 ιι
613 380 825 446 ra'rarnns.
986 389 1043 452 141

137 537 222 612 (lere,
234 553 281 600 ,ιιι
302 534 443 621 paientejs
463 538 597 603 salutare
620 542 790 623 possimus!
820 543 961 623 ¹Magnus
981 544 1045 606 illie

137 623 367 703 nos-carorum¹
381 624 525 698 ιιιιιιιιιιιιι
549 652 701 719 expectat,
722 654 888 718 parentum,
908 641 1043 714 fratrum,

136 731 269 807 liliorum
282 733 426 819 frequens
439 749 539 793 noset
552 735 683 814 copiosa
705 737 794 794 turba
806 736 967 808 desiderat,
976 738 1043 817 jam

137 826 183 888 d'e
191 848 249 911 sua
261 829 485 901 immortalitate
499 818 614 901 secura,
627 844 657 889 et
670 830 769 892 adhuc
781 831 821 890 de
834 847 936 892 nostra
945 835 1044 894 salute

136 912 262 991 solicita·
291 926 343 985 'Ad
355 927 463 985 horum
476 942 668 1006 conspectum
683 941 714 986 et
728 930 921 1007 complexum
928 931 1042 1003 venire,

135 1036 249 1105 quanta
257 1037 289 1081 et
297 1021 356 1099 illis
367 1014 400 1083 et
410 1023 496 1083 nobis
510 1022 541 1081 in
553 1012 711 1102 commune
721 1024 824 1082 laetitia
839 1025 905 1086 estl
933 1026 1043 1099 Qualis

135 1116 200 1177 illic
213 1118 380 1178 'eoelestium
393 1138 555 1197 regnorum
569 1119 743 1198 voluptas'
721 1139 785 1178 stne
793 1121 901 1180 timore
914 1116 1043 1181 mo'rien'·

136 1210 168 1272 di
176 1227 207 1272 et
215 1235 285 1291 cum
292 1212 460 1286 eternitate
469 1214 609 1274 vivendil
624 1235 714 1293 quam
725 1206 843 1275 summa
851 1230 881 1276 et
894 1230 1043 1297 perpetua

134 1306 287 1372 felicitasl
328 1309 398 1368 Illic
418 1312 635 1390 Apostolorum
658 1312 806 1395 gloriosus
830 1304 955 1373 chorus.
979 1312 1042 1379 illic

135 1405 354 1501 prophetarum
377 1407 577 1466 exultantium
600 1426 761 1468 numerus.
792 1409 854 1467 illic
876 1424 1041 1520 martynun

118 1492 361 1589 innumerabilis
382 1503 512 1581 populus
526 1504 565 1561 ob
581 1504 749 1562 certaminis
768 1518 799 1578 et
822 1505 968 1613 passionis
982 1498 1042 1564 vic·

135 1582 246 1657 ιοιιιιιιι
273 1584 450 1657 coronatus:
484 1599 702 1676 triumphantes
725 1599 787 1657 illic
809 1599 949 1676 virgines,
974 1620 1041 1676 quae

136 1684 412 1774 concupiscentiam
426 1695 522 1754 carnis
533 1708 564 1755 et
574 1695 717 1773 corporis,
727 1694 918 1753 continentiae
932 1695 1041 1758 robore

135 1791 341 1869 subegerunt.
356 1786 543 1850 remunerati
558 1790 768 1849 misericordes
770 1811 839 1868 ‚qur
830 1790 1000 1850 alimentis
1010 1805 1042 1852 et

134 1888 346 1971 largitionibus
361 1892 537 1969 pauperum
552 1888 681 1966 justitiae
706 1908 800 1965 opera
813 1887 967 1946 fecerunt:
976 1887 1047 1978 qui

136 1982 345 2046 Dominica
324 1975 486 2067 preelepta
496 1996 657 2054 servantes,
674 1983 712 2042 ad
733 1984 870 2043 coelestes
886 1968 1044 2044 thesauros

118 2118 121 2127 ι
135 2092 258 2147 terrena
270 2082 348 2159 pati
340 2081 451 2139 imonis
452 2080 685 2146 transtulerunt.
686 2075 725 2116 *
829 2144 832 2149 ,

197 2176 305 2249 Testes
318 2173 412 2241 nsbis
414 2189 483 2236 sunt
497 2177 659 2263 Evangelii
672 2177 796 2236 diisset
809 2197 947 2265 pauper:
968 2198 1041 2257 quo·

134 2292 205 2335 rum
216 2293 312 2338 utum
331 2274 433 2351 angeli
446 2273 476 2338 in
491 2273 613 2352 sedibus
634 2270 799 2344 beatorum,
814 2287 844 2332 et
862 2274 895 2338 in
909 2272 1040 2341 Abralise

135 2366 203 2447 sinu
229 2361 421 2438 Ιιιιιιοιιιιι,Ι
434 2369 532 2428 alium
544 2368 643 2427 statim
669 2390 768 2447 poenae
793 2370 878 2447 regio
899 2369 1041 2448 suscepit.

135 2464 227 2527 Adeo
241 2463 336 2528 seton
362 2465 463 2527 statim
483 2485 575 2544 poena
587 2479 737 2523 mortuum
758 2464 888 2542 excepit,
903 2476 936 2521 ut
949 2464 1040 2521 etiam

134 2560 286 2622 fratres
257 2577 326 2662 ejne
336 2561 369 2622 in
388 2562 539 2646 supernis,
540 2573 703 2618 manerent.
744 2553 830 2616 Nihil
848 2558 910 2614 illic
925 2556 1041 2616 dilatio·

134 2658 182 2718 nis
195 2649 253 2717 aut
259 2656 360 2720 morse
366 2656 574 2720 est..Jud1cti
595 2655 674 2712 enim
689 2652 763 2722 dies,
777 2653 826 2712 vel
844 2650 1040 2710 beatitudinis

134 2748 305 2817 retributio
307 2767 352 2815 est
365 2768 479 2813 aeterna
491 2754 539 2812 vel
552 2746 660 2831 poense.
702 2749 838 2826 Tempus
849 2766 921 2804 vero
936 2737 1040 2806 mortis

133 2851 249 2910 lt'abet
240 2851 361 2921 interim
372 2848 617 2945 unumquemque
637 2846 699 2905 suls
712 2844 832 2923 legibus
847 2842 918 2903 dum
939 2843 1004 2903 ιιι
990 2865 1040 2923 Ju-

136 2944 249 3006 dicium
276 2960 526 3037 unumquemque
556 2958 615 3004 aut
635 2943 789 3042 Abraham
818 2954 960 3014 reservat,
988 2940 1041 3003 aut

134 3041 250 3130 poenal

197 3138 376 3221 Festinabat
388 3109 506 3196 sanctus
518 3114 617 3196 David
628 3136 734 3195 dehoc
748 3136 817 3196 loco
824 3136 1045 3215 peregrinttio·

136 3232 184 3293 nis
197 3233 291 3304 exire,
305 3231 417 3304 dicius,
428 3229 450 3267 ’“
460 3231 590 3292 Advens
603 3253 660 3311 ego
674 3234 740 3292 sum
756 3232 836 3311 apud
853 3245 884 3290 te
897 3233 928 3289 in
949 3244 1040 3298 terra,

138 3342 173 3389 et
182 3328 366 3410 peregrinus,
380 3328 459 3393 sicut
473 3320 575 3387 omnes
594 3342 695 3407 patres
708 3327 798 3388 mei‘.”
823 3347 826 3352 ·
838 3327 881 3385 Et
894 3325 964 3384 ideo
977 3328 1041 3407 tari·

186 3520 287 3587 ·cypr.
298 3496 442 3575 ιιιιωιι
455 3519 524 3570 etde
536 3507 631 3568 molat
680 3512 778 3570 ιιιιιιι.
790 3514 853 3564 ras
869 3513 896 3563 tu
912 3513 953 3562 rt
965 3510 991 3560 ιι
