2408 4094
456 144 637 233 ,ιη’-

356 352 552 419 §rursm
572 368 592 409 ι
612 364 834 413 astasius.
985 359 1043 415 lat

134 518 315 583 emaque
325 505 364 565 ad
374 507 661 566 consummationem
671 507 767 567 seculi
778 510 806 568 :’'
821 521 852 567 et
862 509 943 580 abiit,
954 526 986 573 et
995 511 1045 571 bia

135 600 352 673 ειιειιπιίίίι,
366 615 397 660 et
410 623 465 661 uos
484 622 545 661 uou
559 602 708 663 deseruit:
728 622 840 684 corpus
854 605 935 665 euim
956 626 1045 667 suum

134 698 240 761 intulit
251 701 557 779 coelos-majestatem
571 723 632 760 uon
647 703 767 763 abstulit
786 703 908 764 mundo.
948 713 967 739 ‘¹
978 705 1044 786 Spi-

134 798 212 865 ritus
227 810 274 859 est
287 797 339 874 qui
346 796 494 875 vivificam
509 818 580 865 earo
594 799 782 859 autem.nihil
796 799 940 878 prodest?
951 802 1045 863 verbs

136 890 240 957 auiam
255 912 333 970 qum,
347 893 486 971 loquutus
498 913 567 951 sum
580 893 673 963 vobis,
688 894 808 973 spiritus
823 909 854 953 et
867 896 928 955 vita
945 899 1044 956 sunt'’

136 988 190 1071 [ld
211 986 273 1068 est]
297 986 491 1066 spiritualiter
512 980 773 1067 intelligite-quod
794 992 938 1068 loquutus
959 980 1042 1053 suin:

135 1105 198 1143 ποπ
218 1084 280 1143 boo
299 1095 422 1162 'eorpus,
437 1083 518 1160 quod
540 1084 656 1154 videtis,
671 1085 879 1144 manducaturi
902 1089 991 1159 estis;
1014 1103 1045 1149 et

134 1177 262 1245 bibituri
275 1179 372 1258 ¹illum
396 1180 583 1257 sanguinem,
598 1202 689 1258 quem
710 1181 806 1240 fusuri
826 1195 905 1252 suut,
920 1184 972 1260 qui
992 1204 1044 1243 me
1101 1222 1110 1237 .

135 1262 325 1353 crucifigent.
352 1275 577 1338 Sacramentum
592 1276 713 1354 aliquod
723 1278 805 1336 vobis
816 1279 1042 1341 commendavi:

135 1371 335 1451 spiritualiter
356 1370 543 1430 intellectum
567 1358 696 1430 vilificat
713 1356 775 1433 vos}
816 1375 885 1434 Nee
909 1376 1044 1453 linguam

136 1462 255 1549 q'uippa
274 1468 350 1547 ejus,
372 1488 430 1527 uec
456 1469 654 1537 membranas,
676 1491 733 1528 uec
757 1484 965 1540 atramentum,
986 1492 1044 1530 uec

135 1564 338 1645 siprulicsptes
348 1583 441 1635 ,sonos
460 1564 572 1642 liuguae
587 1563 693 1632 editos,
707 1586 764 1622 nec
784 1566 871 1641 sigua
887 1567 1043 1652 litersrum

135 1660 325 1740 comcripta
332 1659 508 1745 pelliculis
514 1680 630 1738 corpus
657 1660 779 1729 Christi,
807 1673 838 1717 et
849 1660 1044 1737 sanguinem

137 1757 275 1829 dicimus,
297 1756 353 1819 sed
377 1757 456 1816 illud
478 1754 605 1826 tautum,
627 1755 709 1833 qu'od
732 1776 771 1813 ax
794 1755 931 1832 frugibus
955 1769 1044 1817 terrm

137 1847 307 1933 sooeptsim,
316 1865 347 1912 et
360 1872 452 1932 prece
465 1852 593 1930 mystica
603 1864 813 1913 consecratum
826 1850 884 1909 rite
898 1849 1049 1912 sumimus

138 1948 316 2023 adsalutem
330 1940 518 2028 spiritalem
509 1968 540 2006 ιιι
553 1947 729 2006 memoriam
742 1967 798 2026 pro
812 1946 898 2005 uobis
906 1947 1044 2019 Domini·

137 2036 185 2107 osa
198 2044 356 2124 passionis
370 2043 452 2122 quod
465 2064 535 2103 eum
548 2064 604 2123 per
615 2064 722 2107 manus
736 2043 890 2101 bominum
904 2042 943 2101 ad
960 2043 1045 2103 illam

137 2124 289 2205 visibilem
300 2140 436 2219 speeiem
455 2138 639 2218 perducitur,
654 2158 714 2198 uon
727 2138 931 2199 sanctificatur
952 2153 986 2199 ut
1002 2130 1044 2203 'sit

136 2250 201 2297 tam
214 2256 356 2321 maguum
368 2232 598 2304 sacramentum,
613 2234 670 2293 nisi
692 2248 835 2314 operante
857 2234 1045 2299 invisibiliter

138 2331 255 2411 Spiritu
281 2330 406 2396 sanem.-
428 2329 529 2403 ¹Quid
548 2324 620 2389 de
611 2350 677 2409 ipso
699 2351 828 2410 corpore
848 2345 878 2390 et
898 2332 1044 2411 sauguine

138 2427 266 2513 (linistis
276 2427 370 2497 unico
380 2426 525 2519 sacrificio
546 2448 602 2505 pro
617 2429 712 2486 salute
727 2427 854 2489 nostrai
893 2427 1044 2499 Quamuis

137 2524 207 2605 ipss
216 2523 365 2607 Dominus
373 2522 462 2593 dicat,
477 2531 495 2557 ‘⁴
504 2523 561 2585 nisi
575 2523 831 2581 manducaveritis
840 2543 961 2580 samem
971 2522 1045 2580 Filii

138 2620 278 2692 bominis,
298 2628 329 2679 e't
351 2619 487 2701 biberitis
505 2620 689 2699 sapguinem
717 2619 792 2694 ejus,
812 2615 1049 2689 uon—habebitis

138 2716 276 2789 vitamst
294 2737 408 2778 nouae.
415 2715 497 2775 idem
512 2716 678 2794 Apostolus
693 2712 810 2771 docet
797 2732 863 2790 jam
877 2711 934 2769 bne
947 2711 1045 2789 perui·

138 2813 257 2886 ciosum
270 2804 363 2882 male
389 2812 563 2892 utentibusl
613 2810 675 2873 Ait
693 2809 783 2866 enim.
833 2806 1045 2883 “Quicunque

139 2894 366 2977 manducaverit
379 2929 499 2988 panem,
505 2922 539 2967 et
550 2887 662 2966 biberit
675 2905 800 2964 calicem
813 2903 937 2969 Domini
951 2901 1046 2981 iudig-

138 3025 189 3081 ue,
199 3025 268 3063 reus
283 3005 339 3063 erit
352 3005 486 3083 semoris
501 3018 531 3063 et
545 3004 698 3081 sanguinis
713 3001 866 3060 Domini?
908 3001 991 3063 Hoc·
1001 3014 1046 3060 est

140 3120 215 3179 ergo
228 3099 409 3161 manducare
422 3100 505 3179 illsin
519 3120 623 3159 escam
633 3113 663 3158 et
677 3099 761 3158 illum
767 3098 902 3159 bibere'
890 3113 1005 3179 potum,
1014 3099 1046 3157 in

140 3186 262 3256 Christo
276 3206 417 3266 mtueres
424 3209 455 3255 et
467 3174 553 3254 allum
562 3210 738 3262 manentem
751 3195 783 3253 in
795 3215 829 3254 se
841 3196 963 3254 habere
998 3195 1046 3250 Ac

141 3313 197 3374 per
209 3293 267 3351 b'oc
281 3293 403 3371 quinon
416 3305 517 3350 manet
530 3280 700 3363 includam,
710 3304 740 3359 pt
754 3289 785 3348 iu
800 3310 860 3367 qno
874 3310 935 3348 non
945 3299 1047 3359 manet

142 3389 289 3459 Christus,
301 3383 524 3487 Ριοιιιίᾶιιίιίο
524 3398 582 3447 u'ec
602 3387 764 3445 manducat
787 3385 962 3465 spiritaliter
984 3401 1047 3439 car·

142 3490 215 3546 uem
235 3485 316 3564 ejus·
324 3505 382 3544 nec
402 3483 478 3543 bibit
500 3484 567 3562 ejus
587 3482 773 3561 sauguinem,
795 3480 866 3538 licet
889 3473 1049 3539 carnaliter
