2408 4094
153 346 187 413 iv
277 388 280 393 -
502 362 726 411 suess-no.

155 502 258 567 Coissa
270 505 371 587 itaque
382 506 544 589 supplendi
554 506 670 567 hictum
681 502 772 567 vuldo
785 496 1005 585 deplorandum
1022 500 1055 563 in

154 618 248 679 modo
269 618 456 681 educationis
478 619 597 691 usitato,
616 630 761 699 excerpto
780 618 849 677 lnnc
870 637 889 677 e
911 616 1055 677 Patribus

156 729 334 793 Latinorum
347 731 558 811 antiquissimis
570 730 747 813 praepmevi.

214 844 369 905 Veritates
388 858 489 905 cutem
506 844 660 925 iuligiouis
680 842 869 915 Chrisionot,
888 840 915 903 si
933 841 1056 902 omuino

156 956 757 1038 exhibeunnuinuliquuformuexhibere
765 976 889 1016 neccsse
896 954 1055 1025 estlorme,

156 1070 188 1131 in
200 1090 261 1148 quc
272 1070 517 1141 lundomentulic,
532 1074 661 1149 semper',
674 1068 799 1149 ubique,
814 1069 852 1129 eb
863 1067 1009 1161 omnibus,
1023 1068 1055 1126 in

156 1182 230 1245 orbe
240 1182 478 1253 Chiistienorum
488 1184 526 1243 cb
534 1183 619 1249 initio
633 1183 904 1263 sgniteetreceptn
912 1202 974 1241 non
983 1201 1055 1259 neg·

155 1296 293 1375 ligentur.
333 1294 414 1357 Htec
426 1296 670 1369 fundumentslie.
680 1316 800 1377 semper
809 1296 929 1374 ubique,
945 1295 983 1354 ab
993 1314 1056 1354 om·

155 1410 244 1473 nibus
255 1425 388 1493 recepte,
407 1432 469 1473 noo
486 1411 531 1473 itu
547 1425 672 1494 receptu
686 1412 821 1483 fussent,
834 1411 892 1470 nisi
904 1409 1056 1491 inprimis

155 1544 225 1585 term
252 1524 429 1585 chtisticnae
456 1524 573 1585 socculis
600 1538 732 1605 recepto,
759 1524 845 1605 cnjus
870 1525 1053 1604 receptionis

155 1637 316 1720 scriptores
329 1638 559 1717 quingentorum
577 1637 742 1723 primorum
757 1656 902 1697 annorum
914 1650 983 1697 sunt
995 1637 1056 1698 fide

156 1750 240 1831 digni
263 1764 364 1811 tostos.
410 1752 549 1832 Hujusce
569 1750 733 1811 testimonii
755 1754 855 1812 locum
876 1752 951 1811 nihil
974 1751 1057 1812 uliud

155 1865 330 1953 supplebit„⁴
370 1848 487 1925 Eorum
516 1848 583 1925 usui
609 1867 720 1945 itique,
753 1866 861 1944 quibus
889 1865 1057 1945 Theologie

156 1998 229 2037 curo
237 1977 285 2048 sit,
296 1991 327 2037 et
336 1978 444 2056 quibus
453 1977 646 2036 nihilomiuus
658 1977 697 2037 ud
707 1979 814 2038 Pctres
824 1978 949 2038 Latinos
957 1978 1057 2038 facilis

157 2091 252 2155 odinis
265 2093 386 2162 nonsit,
400 2094 458 2151 hoo'
478 2090 691 2171 compendium
712 2091 867 2171 ipsissimis
886 2093 985 2152 verbis
1003 2094 1057 2153 ho·

155 2206 370 2275 rumPctrum,
385 2204 643 2275 accommodatum
656 2217 711 2265 ost.
922 2252 926 2259 ,

215 2320 393 2400 Symbolum
407 2318 621 2399 Apostolorum
635 2331 666 2377 et
679 2317 808 2377 Articuli
826 2318 973 2378 Ecclesiae
993 2320 1056 2379 An·

157 2436 293 2515 glicenae,
307 2434 333 2494 si
346 2433 449 2503 menis,
458 2432 606 2493 Ecclesiae
620 2432 785 2492 Catholicae
799 2431 831 2491 in
843 2432 890 2491 his
901 2432 1057 2493 foderatis

156 2548 324 2613 civitatibus
335 2546 486 2612 Americoe
497 2545 756 2626 Septeutiionelis‚
767 2546 937 2606 selectionis
951 2546 1057 2607 fundo·

155 2678 292 2725 mentum
313 2663 394 2723 fecte
416 2660 494 2725 snut'.
534 2612 710 2742 Rump’endi
732 2682 751 2721 e
774 2675 917 2723 contextu
936 2683 1057 2725 sensum

155 2777 316 2837 verborum
325 2775 357 2833 in
366 2775 455 2833 ullius
465 2773 608 2835 doctrines
622 2794 677 2833 seu
689 2774 837 2853 opinionis
847 2794 923 2835 meos
934 2774 1057 2835 admini-

157 2890 269 2957 culum,
292 2908 355 2946 non
379 2887 475 2947 affinis
498 2889 595 2966 colpos
622 2887 766 2947 invenior.
804 2888 949 2960 Irenaeus,
969 2889 1055 2969 cujus

158 3020 234 3079 opus
258 3000 367 3059 Graece
389 3020 451 3059 non
474 3013 565 3071 extat,
592 3000 686 3060 veluti
710 3000 851 3060 doctrinis
878 3001 1056 3061 Christisnis

157 3111 337 3173 certissimus
359 3110 453 3182 testis,
476 3111 554 3171 inter
576 3110 701 3171 Lotinos
724 3112 920 3174 concluditur.
959 3113 1019 3173 His
1038 3134 1057 3172 ο

156 3223 298 3284 Panibus
311 3224 440 3295 selectis,
454 3223 560 3283 breves
572 3222 702 3294 notities,
713 3223 752 3283 de
765 3243 871 3283 eorum
883 3224 951 3285 vitis
965 3224 1057 3287 affixi.

156 3337 241 3418 Opus
273 3336 481 3416 hujuscemodi
511 3338 605 3396 ullum
637 3338 720 3417 prius
754 3350 915 3399 ctteutssse
943 3337 1056 3399 nescio.

157 3448 333 3529 Appendix,
356 3448 571 3510 Confessiones
592 3449 696 3513 Sancti
721 3450 883 3528 Augustini
909 3436 1056 3531 Episcopi

262 3622 331 3696 ο
