<?xml version="1.0" encoding="UTF-8"?>
<!DOCTYPE html PUBLIC "-//W3C//DTD XHTML 1.0 Transitional//EN"
    "http://www.w3.org/TR/xhtml1/DTD/xhtml1-transitional.dtd">
<html xmlns="http://www.w3.org/1999/xhtml" xml:lang="en" lang="en">
 <head>
  <title>
</title>
<meta http-equiv="Content-Type" content="text/html;charset=utf-8" />
  <meta name='ocr-system' content='tesseract 3.04.00' />
  <meta name='ocr-capabilities' content='ocr_page ocr_carea ocr_par ocr_line ocrx_word'/>
</head>
<body>
  <div class='ocr_page' id='page_1' title='image "./selectaeepatrib00masogoog_0014.png"; bbox 0 0 2384 4080; ppageno 0'>
   <div class='ocr_carea' id='block_1_1' title="bbox 398 874 693 949">
    <p class='ocr_par' dir='ltr' id='par_1_1' title="bbox 398 874 693 949">
     <span class='ocr_line' id='line_1_1' title="bbox 398 874 693 949; baseline 0.003 -2"><span class='ocrx_word' id='word_1_1' title='bbox 398 874 693 949; x_wconf 73' lang='lat' dir='ltr'><strong>Pllllllll&#39;llll.</strong></span> 
     </span>
    </p>
   </div>
   <div class='ocr_carea' id='block_1_2' title="bbox 22 1196 1000 2847">
    <p class='ocr_par' dir='ltr' id='par_1_2' title="bbox 95 1196 1000 2044">
     <span class='ocr_line' id='line_1_2' title="bbox 99 1196 997 1281; baseline 0.003 -23"><span class='ocrx_word' id='word_1_2' title='bbox 99 1197 149 1258; x_wconf 80' lang='lat' dir='ltr'><strong>Ur</strong></span> <span class='ocrx_word' id='word_1_3' title='bbox 163 1196 310 1257; x_wconf 87' lang='lat' dir='ltr'><strong>rationem</strong></span> <span class='ocrx_word' id='word_1_4' title='bbox 324 1198 454 1278; x_wconf 88' lang='lat' dir='ltr'><strong>aliquam</strong></span> <span class='ocrx_word' id='word_1_5' title='bbox 467 1201 588 1272; x_wconf 82' lang='lat' dir='ltr'><strong>habeas,</strong></span> <span class='ocrx_word' id='word_1_6' title='bbox 604 1201 772 1261; x_wconf 77' lang='lat' dir='ltr'><strong>Christiane</strong></span> <span class='ocrx_word' id='word_1_7' title='bbox 790 1202 893 1272; x_wconf 86' lang='lat' dir='ltr'><strong>lector,</strong></span> <span class='ocrx_word' id='word_1_8' title='bbox 905 1200 997 1281; x_wconf 88' lang='lat' dir='ltr'><strong>hujus</strong></span> 
     </span>
     <span class='ocr_line' id='line_1_3' title="bbox 98 1311 999 1395; baseline 0.003 -27"><span class='ocrx_word' id='word_1_9' title='bbox 98 1311 225 1389; x_wconf 87' lang='lat' dir='ltr'><strong>suscepti</strong></span> <span class='ocrx_word' id='word_1_10' title='bbox 240 1312 343 1382; x_wconf 79' lang='lat' dir='ltr'><strong>nostri,</strong></span> <span class='ocrx_word' id='word_1_11' title='bbox 353 1313 450 1372; x_wconf 87' lang='lat' dir='ltr'><strong>visum</strong></span> <span class='ocrx_word' id='word_1_12' title='bbox 463 1313 520 1372; x_wconf 86' lang='lat' dir='ltr'><strong>fuit</strong></span> <span class='ocrx_word' id='word_1_13' title='bbox 540 1314 598 1373; x_wconf 90' lang='lat' dir='ltr'><strong>tibi</strong></span> <span class='ocrx_word' id='word_1_14' title='bbox 610 1315 791 1395; x_wconf 89' lang='lat' dir='ltr'><strong>compendio</strong></span> <span class='ocrx_word' id='word_1_15' title='bbox 804 1312 924 1374; x_wconf 86' lang='lat' dir='ltr'><strong>tradere</strong></span> <span class='ocrx_word' id='word_1_16' title='bbox 939 1333 999 1391; x_wconf 92' lang='lat' dir='ltr'><strong>quo</strong></span> 
     </span>
     <span class='ocr_line' id='line_1_4' title="bbox 98 1423 999 1495; baseline 0.004 -15"><span class='ocrx_word' id='word_1_17' title='bbox 98 1423 143 1481; x_wconf 90' lang='lat' dir='ltr'><strong>usi</strong></span> <span class='ocrx_word' id='word_1_18' title='bbox 156 1423 297 1483; x_wconf 81' lang='lat' dir='ltr'>fuerimus</span> <span class='ocrx_word' id='word_1_19' title='bbox 319 1427 452 1495; x_wconf 87' lang='lat' dir='ltr'><strong>consilio,</strong></span> <span class='ocrx_word' id='word_1_20' title='bbox 469 1447 537 1485; x_wconf 90' lang='lat' dir='ltr'><strong>cum</strong></span> <span class='ocrx_word' id='word_1_21' title='bbox 556 1428 637 1486; x_wconf 88' lang='lat' dir='ltr'><strong>hunc</strong></span> <span class='ocrx_word' id='word_1_22' title='bbox 658 1428 833 1487; x_wconf 82' lang='lat' dir='ltr'><strong>moliremur</strong></span> <span class='ocrx_word' id='word_1_23' title='bbox 852 1428 999 1486; x_wconf 83' lang='lat' dir='ltr'><strong>laborem.</strong></span> 
     </span>
     <span class='ocr_line' id='line_1_5' title="bbox 97 1536 1000 1618; baseline 0 -23"><span class='ocrx_word' id='word_1_24' title='bbox 97 1536 192 1617; x_wconf 85' lang='lat' dir='ltr'><strong>Lapsi</strong></span> <span class='ocrx_word' id='word_1_25' title='bbox 204 1551 274 1596; x_wconf 90' lang='lat' dir='ltr'><strong>sunt</strong></span> <span class='ocrx_word' id='word_1_26' title='bbox 287 1538 402 1615; x_wconf 77' lang='lat' dir='ltr'><strong>aliquot</strong></span> <span class='ocrx_word' id='word_1_27' title='bbox 417 1539 497 1608; x_wconf 89' lang='lat' dir='ltr'><strong>anni,</strong></span> <span class='ocrx_word' id='word_1_28' title='bbox 512 1559 551 1596; x_wconf 83' lang='lat' dir='ltr'><strong>ex</strong></span> <span class='ocrx_word' id='word_1_29' title='bbox 565 1559 634 1616; x_wconf 82' lang='lat' dir='ltr'><strong>quo,</strong></span> <span class='ocrx_word' id='word_1_30' title='bbox 648 1541 696 1598; x_wconf 85' lang='lat' dir='ltr'><strong>vel</strong></span> <span class='ocrx_word' id='word_1_31' title='bbox 710 1561 765 1618; x_wconf 87' lang='lat' dir='ltr'><strong>per</strong></span> <span class='ocrx_word' id='word_1_32' title='bbox 780 1540 906 1597; x_wconf 87' lang='lat' dir='ltr'><strong>aliorum</strong></span> <span class='ocrx_word' id='word_1_33' title='bbox 920 1538 1000 1596; x_wconf 91' lang='lat' dir='ltr'><strong>solli·</strong></span> 
     </span>
     <span class='ocr_line' id='line_1_6' title="bbox 95 1648 997 1729; baseline -0.003 -20"><span class='ocrx_word' id='word_1_34' title='bbox 95 1650 268 1711; x_wconf 86' lang='lat' dir='ltr'><strong>citationem</strong></span> <span class='ocrx_word' id='word_1_35' title='bbox 275 1652 324 1709; x_wconf 84' lang='lat' dir='ltr'><strong>vel</strong></span> <span class='ocrx_word' id='word_1_36' title='bbox 334 1670 391 1729; x_wconf 89' lang='lat' dir='ltr'><strong>per</strong></span> <span class='ocrx_word' id='word_1_37' title='bbox 404 1650 511 1707; x_wconf 90' lang='lat' dir='ltr'><strong>mentis</strong></span> <span class='ocrx_word' id='word_1_38' title='bbox 521 1670 598 1709; x_wconf 78' lang='lat' dir='ltr'><strong>mere</strong></span> <span class='ocrx_word' id='word_1_39' title='bbox 612 1649 650 1708; x_wconf 88' lang='lat' dir='ltr'><strong>de</strong></span> <span class='ocrx_word' id='word_1_40' title='bbox 663 1649 885 1727; x_wconf 86' lang='lat' dir='ltr'><strong>hujusce-modi</strong></span> <span class='ocrx_word' id='word_1_41' title='bbox 896 1648 997 1727; x_wconf 89' lang='lat' dir='ltr'><strong>operis</strong></span> 
     </span>
     <span class='ocr_line' id='line_1_7' title="bbox 95 1757 1000 1839; baseline 0.002 -20"><span class='ocrx_word' id='word_1_42' title='bbox 95 1757 225 1819; x_wconf 81' lang='lat' dir='ltr'><strong>utilitate</strong></span> <span class='ocrx_word' id='word_1_43' title='bbox 245 1759 481 1839; x_wconf 75' lang='lat' dir='ltr'><strong>persuasionem,</strong></span> <span class='ocrx_word' id='word_1_44' title='bbox 497 1760 564 1819; x_wconf 81' lang='lat' dir='ltr'><strong>haec</strong></span> <span class='ocrx_word' id='word_1_45' title='bbox 585 1771 759 1837; x_wconf 82' lang='lat' dir='ltr'><strong>excerptae</strong></span> <span class='ocrx_word' id='word_1_46' title='bbox 776 1759 918 1819; x_wconf 84' lang='lat' dir='ltr'><strong>Patribus</strong></span> <span class='ocrx_word' id='word_1_47' title='bbox 938 1759 1000 1821; x_wconf 82' lang='lat' dir='ltr'><strong>La·</strong></span> 
     </span>
     <span class='ocr_line' id='line_1_8' title="bbox 96 1869 999 1951; baseline 0.003 -21"><span class='ocrx_word' id='word_1_48' title='bbox 96 1870 167 1930; x_wconf 76' lang='lat' dir='ltr'><strong>sinis</strong></span> <span class='ocrx_word' id='word_1_49' title='bbox 181 1870 330 1929; x_wconf 84' lang='lat' dir='ltr'><strong>Ecclesiae</strong></span> <span class='ocrx_word' id='word_1_50' title='bbox 345 1870 522 1929; x_wconf 81' lang='lat' dir='ltr'><strong>Christianae</strong></span> <span class='ocrx_word' id='word_1_51' title='bbox 536 1869 712 1929; x_wconf 87' lang='lat' dir='ltr'><strong>meditabar.</strong></span> <span class='ocrx_word' id='word_1_52' title='bbox 752 1870 903 1951; x_wconf 79' lang='lat' dir='ltr'><strong>Linguam</strong></span> <span class='ocrx_word' id='word_1_53' title='bbox 914 1870 999 1933; x_wconf 71' lang='lat' dir='ltr'><strong>Isati—</strong></span> 
     </span>
     <span class='ocr_line' id='line_1_9' title="bbox 96 1982 998 2044; baseline 0.003 -3"><span class='ocrx_word' id='word_1_54' title='bbox 96 2002 170 2041; x_wconf 86' lang='lat' dir='ltr'><strong>nam</strong></span> <span class='ocrx_word' id='word_1_55' title='bbox 178 1982 257 2042; x_wconf 82' lang='lat' dir='ltr'><strong>inter</strong></span> <span class='ocrx_word' id='word_1_56' title='bbox 265 1982 429 2041; x_wconf 84' lang='lat' dir='ltr'><strong>litterarum</strong></span> <span class='ocrx_word' id='word_1_57' title='bbox 440 1984 627 2043; x_wconf 84' lang='lat' dir='ltr'><strong>excultamm</strong></span> <span class='ocrx_word' id='word_1_58' title='bbox 638 1984 769 2043; x_wconf 82' lang='lat' dir='ltr'><strong>fautores</strong></span> <span class='ocrx_word' id='word_1_59' title='bbox 778 1984 880 2043; x_wconf 90' lang='lat' dir='ltr'><strong>locum</strong></span> <span class='ocrx_word' id='word_1_60' title='bbox 887 1984 998 2044; x_wconf 84' lang='lat' dir='ltr'><strong>babere</strong></span> 
     </span>
    </p>

    <p class='ocr_par' dir='ltr' id='par_1_3' title="bbox 22 2095 1000 2847">
     <span class='ocr_line' id='line_1_10' title="bbox 96 2095 999 2172; baseline 0.004 -19"><span class='ocrx_word' id='word_1_61' title='bbox 96 2115 228 2172; x_wconf 88' lang='lat' dir='ltr'><strong>unquam</strong></span> <span class='ocrx_word' id='word_1_62' title='bbox 249 2102 325 2154; x_wconf 85' lang='lat' dir='ltr'><strong>csse&#39;</strong></span> <span class='ocrx_word' id='word_1_63' title='bbox 339 2095 501 2155; x_wconf 70' lang='lat' dir='ltr'><strong>desituram</strong></span> <span class='ocrx_word' id='word_1_64' title='bbox 524 2116 585 2154; x_wconf 91' lang='lat' dir='ltr'><strong>non</strong></span> <span class='ocrx_word' id='word_1_65' title='bbox 604 2096 767 2155; x_wconf 87' lang='lat' dir='ltr'><strong>verisimile</strong></span> <span class='ocrx_word' id='word_1_66' title='bbox 787 2109 841 2157; x_wconf 87' lang='lat' dir='ltr'><strong>est.</strong></span> <span class='ocrx_word' id='word_1_67' title='bbox 880 2096 999 2157; x_wconf 83' lang='lat' dir='ltr'><strong>Natura</strong></span> 
     </span>
     <span class='ocr_line' id='line_1_11' title="bbox 22 2186 999 2289; baseline 0.002 -24"><span class='ocrx_word' id='word_1_68' title='bbox 22 2186 27 2192; x_wconf 42' lang='grc'><strong><em>’</em></strong></span> <span class='ocrx_word' id='word_1_69' title='bbox 96 2208 278 2266; x_wconf 82' lang='lat' dir='ltr'><strong>tenacissimi</strong></span> <span class='ocrx_word' id='word_1_70' title='bbox 298 2229 399 2267; x_wconf 89' lang='lat' dir='ltr'><strong>sumus</strong></span> <span class='ocrx_word' id='word_1_71' title='bbox 420 2229 533 2279; x_wconf 86' lang='lat' dir='ltr'><strong>eorum,</strong></span> <span class='ocrx_word' id='word_1_72' title='bbox 548 2228 615 2286; x_wconf 80' lang='lat' dir='ltr'><strong>quae</strong></span> <span class='ocrx_word' id='word_1_73' title='bbox 634 2209 758 2267; x_wconf 87' lang='lat' dir='ltr'><strong>rudibus</strong></span> <span class='ocrx_word' id='word_1_74' title='bbox 773 2209 857 2268; x_wconf 86' lang='lat' dir='ltr'><strong>annis</strong></span> <span class='ocrx_word' id='word_1_75' title='bbox 870 2209 999 2289; x_wconf 84' lang='lat' dir='ltr'><strong>porcipi-</strong></span> 
     </span>
     <span class='ocr_line' id='line_1_12' title="bbox 97 2321 1000 2400; baseline 0.006 -24"><span class='ocrx_word' id='word_1_76' title='bbox 97 2339 183 2379; x_wconf 83' lang='lat' dir='ltr'><strong>mus:</strong></span> <span class='ocrx_word' id='word_1_77' title='bbox 203 2334 237 2378; x_wconf 89' lang='lat' dir='ltr'><strong>ut</strong></span> <span class='ocrx_word' id='word_1_78' title='bbox 249 2341 347 2400; x_wconf 88' lang='lat' dir='ltr'><strong>sapor,</strong></span> <span class='ocrx_word' id='word_1_79' title='bbox 362 2341 422 2398; x_wconf 93' lang='lat' dir='ltr'><strong>quo</strong></span> <span class='ocrx_word' id='word_1_80' title='bbox 435 2342 515 2380; x_wconf 87' lang='lat' dir='ltr'><strong>nova</strong></span> <span class='ocrx_word' id='word_1_81' title='bbox 527 2322 652 2392; x_wconf 86' lang='lat' dir='ltr'><strong>imbuas,</strong></span> <span class='ocrx_word' id='word_1_82' title='bbox 668 2321 771 2394; x_wconf 77' lang='lat' dir='ltr'><strong>duret3</strong></span> <span class='ocrx_word' id='word_1_83' title='bbox 792 2342 849 2380; x_wconf 90' lang='lat' dir='ltr'><strong>nec</strong></span> <span class='ocrx_word' id='word_1_84' title='bbox 862 2323 1000 2381; x_wconf 84' lang='lat' dir='ltr'><strong>lanarum</strong></span> 
     </span>
     <span class='ocr_line' id='line_1_13' title="bbox 97 2433 999 2513; baseline 0.002 -22"><span class='ocrx_word' id='word_1_85' title='bbox 97 2433 221 2503; x_wconf 87' lang='lat' dir='ltr'><strong>colores,</strong></span> <span class='ocrx_word' id='word_1_86' title='bbox 236 2433 343 2510; x_wconf 89' lang='lat' dir='ltr'><strong>quibus</strong></span> <span class='ocrx_word' id='word_1_87' title='bbox 362 2434 492 2513; x_wconf 80' lang='lat' dir='ltr'><strong>simplex</strong></span> <span class='ocrx_word' id='word_1_88' title='bbox 512 2433 564 2491; x_wconf 89' lang='lat' dir='ltr'><strong>ille</strong></span> <span class='ocrx_word' id='word_1_89' title='bbox 586 2434 698 2492; x_wconf 83' lang='lat' dir='ltr'><strong>candor</strong></span> <span class='ocrx_word' id='word_1_90' title='bbox 717 2446 848 2492; x_wconf 85' lang='lat' dir='ltr'><strong>mutatus</strong></span> <span class='ocrx_word' id='word_1_91' title='bbox 867 2447 921 2504; x_wconf 86' lang='lat' dir='ltr'><strong>est,</strong></span> <span class='ocrx_word' id='word_1_92' title='bbox 936 2434 999 2493; x_wconf 87' lang='lat' dir='ltr'><strong>elui</strong></span> 
     </span>
     <span class='ocr_line' id='line_1_14' title="bbox 96 2543 999 2623; baseline 0.001 -21"><span class='ocrx_word' id='word_1_93' title='bbox 96 2558 229 2623; x_wconf 89' lang='lat' dir='ltr'><strong>possunt.</strong></span> <span class='ocrx_word' id='word_1_94' title='bbox 290 2546 458 2604; x_wconf 83' lang='lat' dir='ltr'><strong>Teneraene</strong></span> <span class='ocrx_word' id='word_1_95' title='bbox 486 2545 500 2622; x_wconf 87' lang='lat' dir='ltr'><strong>j</strong></span> <span class='ocrx_word' id='word_1_96' title='bbox 523 2564 635 2604; x_wconf 83' lang='lat' dir='ltr'><strong>venum</strong></span> <span class='ocrx_word' id='word_1_97' title='bbox 669 2556 786 2603; x_wconf 85' lang='lat' dir='ltr'><strong>mentes</strong></span> <span class='ocrx_word' id='word_1_98' title='bbox 816 2543 999 2603; x_wconf 88' lang='lat' dir='ltr'><strong>facinoribus</strong></span> 
     </span>
     <span class='ocr_line' id='line_1_15' title="bbox 94 2566 1000 2733; baseline -0.001 -18"><span class='ocrx_word' id='word_1_99' title='bbox 94 2657 185 2717; x_wconf 84' lang='lat' dir='ltr'><strong>foedis</strong></span> <span class='ocrx_word' id='word_1_100' title='bbox 218 2642 411 2715; x_wconf 68' lang='lat' dir='ltr'><strong>idolabamm</strong></span> <span class='ocrx_word' id='word_1_101' title='bbox 436 2566 600 2715; x_wconf 49' lang='lat' dir='ltr'><strong>familares</strong></span> <span class='ocrx_word' id='word_1_102' title='bbox 632 2655 804 2723; x_wconf 82' lang='lat' dir='ltr'><strong>reddantur,</strong></span> <span class='ocrx_word' id='word_1_103' title='bbox 838 2668 1000 2733; x_wconf 85' lang='lat' dir='ltr'><strong>propterea</strong></span> 
     </span>
     <span class='ocr_line' id='line_1_16' title="bbox 95 2765 999 2847; baseline -0.004 -18"><span class='ocrx_word' id='word_1_104' title='bbox 95 2769 179 2847; x_wconf 91' lang='lat' dir='ltr'><strong>quod</strong></span> <span class='ocrx_word' id='word_1_105' title='bbox 199 2770 267 2829; x_wconf 71' lang='lat' dir='ltr'><strong>hmo</strong></span> <span class='ocrx_word' id='word_1_106' title='bbox 286 2768 423 2826; x_wconf 83' lang='lat' dir='ltr'><strong>facinore</strong></span> <span class='ocrx_word' id='word_1_107' title='bbox 443 2768 475 2826; x_wconf 91' lang='lat' dir='ltr'><strong>in</strong></span> <span class='ocrx_word' id='word_1_108' title='bbox 495 2767 594 2826; x_wconf 86' lang='lat' dir='ltr'><strong>verbis</strong></span> <span class='ocrx_word' id='word_1_109' title='bbox 619 2765 721 2847; x_wconf 89' lang='lat' dir='ltr'><strong>politis</strong></span> <span class='ocrx_word' id='word_1_110' title='bbox 747 2766 903 2837; x_wconf 85' lang='lat' dir='ltr'><strong>vehuntur,</strong></span> <span class='ocrx_word' id='word_1_111' title='bbox 927 2766 999 2826; x_wconf 89' lang='lat' dir='ltr'><strong>dum</strong></span> 
     </span>
    </p>
   </div>
   <div class='ocr_carea' id='block_1_3' title="bbox 14 2878 999 2941">
    <p class='ocr_par' dir='ltr' id='par_1_4' title="bbox 14 2878 999 2941">
     <span class='ocr_line' id='line_1_17' title="bbox 14 2878 999 2941; baseline 0 -2"><span class='ocrx_word' id='word_1_112' title='bbox 14 2884 17 2895; x_wconf 89' lang='grc'><strong>“</strong></span> <span class='ocrx_word' id='word_1_113' title='bbox 95 2881 212 2941; x_wconf 87' lang='lat' dir='ltr'><strong>interes</strong></span> <span class='ocrx_word' id='word_1_114' title='bbox 224 2894 333 2940; x_wconf 84' lang='lat' dir='ltr'><strong>nostrae</strong></span> <span class='ocrx_word' id='word_1_115' title='bbox 347 2880 419 2939; x_wconf 88' lang='lat' dir='ltr'><strong>fidei</strong></span> <span class='ocrx_word' id='word_1_116' title='bbox 433 2879 627 2939; x_wconf 69' lang='lat' dir='ltr'><strong>sanctissima²</strong></span> <span class='ocrx_word' id='word_1_117' title='bbox 641 2878 782 2938; x_wconf 78' lang='lat' dir='ltr'><strong>veritates</strong></span> <span class='ocrx_word' id='word_1_118' title='bbox 795 2878 826 2936; x_wconf 91' lang='lat' dir='ltr'><strong>in</strong></span> <span class='ocrx_word' id='word_1_119' title='bbox 839 2879 937 2938; x_wconf 86' lang='lat' dir='ltr'><strong>verbis</strong></span> <span class='ocrx_word' id='word_1_120' title='bbox 947 2900 999 2939; x_wconf 84' lang='lat' dir='ltr'><strong>ve·</strong></span> 
     </span>
    </p>
   </div>
   <div class='ocr_carea' id='block_1_4' title="bbox 94 2991 998 3519">
    <p class='ocr_par' dir='ltr' id='par_1_5' title="bbox 94 2991 998 3519">
     <span class='ocr_line' id='line_1_18' title="bbox 94 2991 998 3051; baseline -0.001 0"><span class='ocrx_word' id='word_1_121' title='bbox 94 2993 190 3051; x_wconf 79' lang='lat' dir='ltr'><strong>sitatis</strong></span> <span class='ocrx_word' id='word_1_122' title='bbox 211 3006 242 3051; x_wconf 91' lang='lat' dir='ltr'><strong>et</strong></span> <span class='ocrx_word' id='word_1_123' title='bbox 269 2992 437 3051; x_wconf 86' lang='lat' dir='ltr'><strong>sobrietatis</strong></span> <span class='ocrx_word' id='word_1_124' title='bbox 462 2991 577 3050; x_wconf 83' lang='lat' dir='ltr'><strong>traditae</strong></span> <span class='ocrx_word' id='word_1_125' title='bbox 601 2991 813 3050; x_wconf 82' lang='lat' dir='ltr'><strong>obliviscantur</strong></span> <span class='ocrx_word' id='word_1_126' title='bbox 838 3004 889 3049; x_wconf 87' lang='lat' dir='ltr'><strong>aut</strong></span> <span class='ocrx_word' id='word_1_127' title='bbox 910 2991 998 3051; x_wconf 88' lang='lat' dir='ltr'><strong>nihili</strong></span> 
     </span>
     <span class='ocr_line' id='line_1_19' title="bbox 97 3102 998 3164; baseline -0.002 0"><span class='ocrx_word' id='word_1_128' title='bbox 97 3104 306 3164; x_wconf 75' lang='lat' dir='ltr'><strong>aesdmenturl</strong></span> <span class='ocrx_word' id='word_1_129' title='bbox 345 3106 435 3161; x_wconf 86' lang='lat' dir='ltr'><strong>Anne</strong></span> <span class='ocrx_word' id='word_1_130' title='bbox 453 3103 667 3163; x_wconf 86' lang='lat' dir='ltr'><strong>trucidantium</strong></span> <span class='ocrx_word' id='word_1_131' title='bbox 680 3104 806 3161; x_wconf 84' lang='lat' dir='ltr'><strong>heroum</strong></span> <span class='ocrx_word' id='word_1_132' title='bbox 818 3102 905 3162; x_wconf 83' lang='lat' dir='ltr'><strong>factis</strong></span> <span class='ocrx_word' id='word_1_133' title='bbox 918 3104 998 3163; x_wconf 85' lang='lat' dir='ltr'><strong>bene</strong></span> 
     </span>
     <span class='ocr_line' id='line_1_20' title="bbox 95 3214 997 3292; baseline -0.004 -15"><span class='ocrx_word' id='word_1_134' title='bbox 95 3217 155 3277; x_wconf 83' lang='lat' dir='ltr'><strong>sint</strong></span> <span class='ocrx_word' id='word_1_135' title='bbox 175 3216 266 3285; x_wconf 89' lang='lat' dir='ltr'><strong>docti,</strong></span> <span class='ocrx_word' id='word_1_136' title='bbox 287 3215 404 3273; x_wconf 87' lang='lat' dir='ltr'><strong>interea</strong></span> <span class='ocrx_word' id='word_1_137' title='bbox 424 3216 526 3272; x_wconf 90' lang='lat' dir='ltr'><strong>Deum</strong></span> <span class='ocrx_word' id='word_1_138' title='bbox 540 3215 652 3273; x_wconf 87' lang='lat' dir='ltr'><strong>Filium</strong></span> <span class='ocrx_word' id='word_1_139' title='bbox 674 3215 713 3272; x_wconf 92' lang='lat' dir='ltr'><strong>ob</strong></span> <span class='ocrx_word' id='word_1_140' title='bbox 733 3215 857 3272; x_wconf 89' lang='lat' dir='ltr'><strong>humani</strong></span> <span class='ocrx_word' id='word_1_141' title='bbox 878 3214 997 3292; x_wconf 84' lang='lat' dir='ltr'><strong>generis</strong></span> 
     </span>
     <span class='ocr_line' id='line_1_21' title="bbox 94 3326 997 3409; baseline -0.006 -21"><span class='ocrx_word' id='word_1_142' title='bbox 94 3328 337 3409; x_wconf 86' lang='lat' dir='ltr'><strong>redemptionem</strong></span> <span class='ocrx_word' id='word_1_143' title='bbox 350 3347 416 3385; x_wconf 86' lang='lat' dir='ltr'><strong>sese</strong></span> <span class='ocrx_word' id='word_1_144' title='bbox 429 3327 636 3387; x_wconf 84' lang='lat' dir='ltr'><strong>humiliantem</strong></span> <span class='ocrx_word' id='word_1_145' title='bbox 650 3340 681 3385; x_wconf 89' lang='lat' dir='ltr'><strong>et</strong></span> <span class='ocrx_word' id='word_1_146' title='bbox 694 3326 872 3385; x_wconf 87' lang='lat' dir='ltr'><strong>morientem</strong></span> <span class='ocrx_word' id='word_1_147' title='bbox 886 3344 997 3402; x_wconf 89' lang='lat' dir='ltr'><strong>susque</strong></span> 
     </span>
     <span class='ocr_line' id='line_1_22' title="bbox 96 3434 994 3519; baseline -0.009 -17"><span class='ocrx_word' id='word_1_148' title='bbox 96 3439 195 3519; x_wconf 87' lang='lat' dir='ltr'><strong>deque</strong></span> <span class='ocrx_word' id='word_1_149' title='bbox 207 3442 353 3501; x_wconf 78' lang='lat' dir='ltr'><strong>babentes</strong></span> <span class='ocrx_word' id='word_1_150' title='bbox 366 3439 418 3498; x_wconf 84' lang='lat' dir='ltr'><strong>vix</strong></span> <span class='ocrx_word' id='word_1_151' title='bbox 430 3438 463 3497; x_wconf 88' lang='lat' dir='ltr'><strong>in</strong></span> <span class='ocrx_word' id='word_1_152' title='bbox 476 3439 591 3500; x_wconf 85' lang='lat' dir='ltr'><strong>animos</strong></span> <span class='ocrx_word' id='word_1_153' title='bbox 604 3458 675 3497; x_wconf 87' lang='lat' dir='ltr'><strong>suos</strong></span> <span class='ocrx_word' id='word_1_154' title='bbox 688 3437 854 3497; x_wconf 72' lang='lat' dir='ltr'><strong>inducenti</strong></span> <span class='ocrx_word' id='word_1_155' title='bbox 888 3434 994 3495; x_wconf 86' lang='lat' dir='ltr'><strong>Absitl</strong></span> 
     </span>
    </p>
   </div>
   <div class='ocr_carea' id='block_1_5' title="bbox 286 3600 923 3915">
    <p class='ocr_par' dir='ltr' id='par_1_6' title="bbox 286 3600 923 3915">
     <span class='ocr_line' id='line_1_23' title="bbox 287 3600 923 3743; baseline -0.038 -22"><span class='ocrx_word' id='word_1_156' title='bbox 287 3654 547 3743; x_wconf 67' lang='lat' dir='ltr'><strong>marca.</strong></span> <span class='ocrx_word' id='word_1_157' title='bbox 577 3636 634 3707; x_wconf 80' lang='lat'><strong>27</strong></span> <span class='ocrx_word' id='word_1_158' title='bbox 664 3635 783 3703; x_wconf 76' lang='lat' dir='ltr'><strong>nan·</strong></span> <span class='ocrx_word' id='word_1_159' title='bbox 809 3600 923 3693; x_wconf 74' lang='lat'><strong>¹00¹</strong></span> 
     </span>
     <span class='ocr_line' id='line_1_24' title="bbox 286 3772 865 3915; baseline 0.002 -7"><span class='ocrx_word' id='word_1_160' title='bbox 286 3772 437 3908; x_wconf 70' lang='lat' dir='ltr'><strong>»sss</strong></span> <span class='ocrx_word' id='word_1_161' title='bbox 462 3814 649 3915; x_wconf 61' lang='lat' dir='ltr'><strong>meets</strong></span> <span class='ocrx_word' id='word_1_162' title='bbox 671 3784 801 3909; x_wconf 54' lang='lat' dir='ltr'><strong>ml·</strong></span> <span class='ocrx_word' id='word_1_163' title='bbox 861 3832 865 3841; x_wconf 83' lang='lat'><strong><em>‘</em></strong></span> 
     </span>
    </p>
   </div>
   <div class='ocr_carea' id='block_1_6' title="bbox 0 0 1196 4080">
    <p class='ocr_par' dir='ltr' id='par_1_7' title="bbox 0 0 1196 4080">
     <span class='ocr_line' id='line_1_25' title="bbox 0 0 1196 4080; baseline 0 1"><span class='ocrx_word' id='word_1_164' title='bbox 0 0 1196 4080; x_wconf 95' lang='lat' dir='ltr'><strong> </strong></span> 
     </span>
    </p>
   </div>
  </div>
 </body>
</html>
