2408 4094
372 422 562 471 ιιιιιιι
583 428 602 469 ι
625 416 850 474 »armana
1015 412 1056 476 ιι

214 565 252 626 In
272 564 358 646 Lege
377 567 471 647 igitur
483 583 514 628 ιι
530 562 706 647 Evangelio
721 571 788 630 erim
812 571 850 630 sit
873 569 1004 651 primum
1025 585 1057 632 et

151 664 322 724 maximum
345 654 540 745 praeceptum,
556 666 683 747 diligere
704 666 869 725 Dominum
893 668 995 727 Deum
1016 686 1056 728 ex

152 773 218 819 toto
233 761 342 832 corde}
364 759 472 820 dehinc
485 762 582 837 simile
597 762 649 833 illi,
659 756 786 840 diligere
799 763 971 841 proximum
980 763 1058 824 siout

152 855 304 936 teipsum
325 874 403 916 unus
417 871 448 916 et
461 848 541 916 idem
556 857 726 918 ostenditur
746 852 839 938 Legis
852 872 883 917 ιι
896 858 1057 939 Evangelii

153 952 301 1012 eonditor.
342 953 566 1037 Consummatae
576 954 661 1012 enim
675 956 744 1014 vitae
764 956 921 1035 pn'ecepta
934 956 965 1014 in
978 970 1058 1016 utro·

143 1070 215 1129 ‚qne
230 1070 299 1108 aum
312 1049 372 1108 sint
386 1050 503 1123 eadem,
518 1051 648 1135 eundem
670 1050 866 1135 ostenderunt
881 1052 992 1123 Deum,
1006 1051 1058 1130 qui

153 1125 487 1237 pulticulariaquidem
491 1143 646 1240 praecepta
654 1144 734 1227 apta
748 1147 882 1226 utrisque
895 1149 1057 1243 praesepia

154 1241 210 1300 sed
224 1222 420 1300 emineniiord
433 1256 463 1302 et
476 1262 601 1312 summa,
602 1242 675 1301 sine
689 1242 797 1320 quibus
810 1236 930 1309 salvari
932 1265 991 1303 non
1006 1266 1059 1325 po·

134 1337 247 1406 ἰιιι
229 1350 429 1420 m'utroque
423 1337 529 1396 eadem
550 1326 653 1414 suasit.
693 1338 824 1398 Omnia
824 1339 904 1398 enim
917 1339 984 1399 haec
997 1361 1059 1400 non

157 1430 398 1489 contrarietatem
421 1444 452 1489 et
470 1408 701 1496 dissolutionem
723 1433 944 1512 praeteritor'um
966 1433 1059 1493 conti·

155 1532 238 1597 ιιιιιι,
246 1521 323 1608 sicut
325 1527 388 1619 qui
397 1546 416 1585 ιι
429 1527 584 1589 Marcione
595 1530 667 1590 sunt
677 1528 896 1600 vociferantum
911 1528 966 1587 sed
976 1531 1059 1611 plen·

154 1601 310 1710 itudinem
319 1636 350 1682 ιι
359 1604 576 1697 ιιιιιιιὶοιιιιιι,
585 1623 662 1683 sicut
675 1625 741 1703 ipse
753 1620 825 1694 ait‚‘
828 1625 916 1684 ‘Noa'
929 1624 1061 1709 abunda«

156 1719 234 1777 aerio
239 1703 379 1803 juditio
377 1702 474 1778 uestra
479 1710 658 1812 plusqunm
662 1720 836 1778 Scribarum
848 1729 877 1777 et
890 1700 1059 1779 Plariano·

157 1804 233 1884 ιιι»,
246 1798 682 1903 ιοιιιιιινιιίιᾶιιινιςιιιιι
659 1815 812 1872 culorum!
816 1814 848 1849 '⁰

192 1909 286 1970 'Lex
300 1925 372 1970 vero
364 1914 499 1970 aeiema
513 1925 559 2004 est
566 1911 649 1970 'ratio
664 1890 768 1970 divina
779 1911 827 1968 vel
840 1910 978 1987 voluntas
1000 1910 1061 1971 Dei

158 1986 302 2066 ordinem
314 2009 484 2067 naturalem
503 1992 672 2094 conservari
676 1994 817 2090 jubens,
824 2007 997 2115 perturbari·
1011 2028 1061 2067 vo·

157 2105 233 2160 tans.
246 2077 529 2179 Quandoquidem
541 2122 635 2159 manu
648 2087 817 2159 formatoris
831 2100 925 2160 nostri
938 2100 968 2191 in
988 2100 1061 2181 ipsis

158 2186 313 2259 cordibus
308 2194 417 2255 nostris
426 2197 535 2255 veritas
544 2196 698 2289 Scripsit“
710 2197 794 2274 Quod
807 2193 862 2255 tihi
870 2211 930 2256 aon
936 2187 1061 2273 oirfieri

156 2311 194 2350 sse
194 2280 308 2370 fliciru
321 2292 427 2352 alteri:
432 2294 449 2323 ''
452 2286 527 2351 lino
541 2305 571 2351 et
592 2305 757 2388 antequam
771 2295 822 2352 lex
836 2280 957 2375 daretur
969 2313 1061 2352 nemo

118 2442 124 2446 .
157 2390 298 2470 ignomre
317 2377 479 2471 permissus
494 2396 545 2461 esf,
560 2404 596 2450 ut
608 2389 686 2450 ess'et
696 2391 780 2451 'unde
796 2370 1015 2477 judicarentur,
1029 2403 1061 2449 ιι

158 2487 267 2564 quibus
276 2488 331 2545 lex
345 2507 406 2548 non
420 2501 465 2545 est
480 2486 557 2546 data
598 2485 660 2557 Sed
680 2509 718 2546 ne
732 2487 789 2546 sibi
802 2480 938 2557 homines
948 2485 1062 2565 aliquid

159 2580 290 2641 defuisle
304 2570 508 2661 quererentur,
523 2576 668 2662 scriptum
690 2595 736 2640 est
755 2594 786 2640 et
798 2583 830 2639 in
837 2581 960 2663 tabulis
980 2579 1061 2657 quod

157 2677 192 2736 in
205 2677 345 2737 cordibus
359 2698 419 2737 non
432 2679 583 2760 legebant.
624 2668 697 2734 Non
712 2676 791 2733 enim
802 2689 833 2733 et
846 2674 994 2752 scriptum
1001 2694 1063 2733 non

158 2758 320 2843 debebam,
334 2771 389 2832 sed
397 2774 540 2863 legere
532 2772 684 2832 nolebant.
725 2769 758 2827 Si
772 2769 853 2829 enim
868 2768 1063 2829 discernimus

136 2856 144 2866 ‘
160 2859 237 2924 duo
243 2851 446 2941 Τιςιιιιιιιιιι,
460 2866 559 2925 Vetus
583 2879 613 2924 et
637 2864 769 2934 Novum,
784 2882 846 2921 non
864 2874 933 2921 sunt
955 2860 1063 2925 eadam

159 2964 356 3029 sacramenta,
367 2980 423 3018 neo
438 2959 546 3018 eade'm
559 2958 715 3038 promissa,
730 2956 837 3015 eadem
850 2969 952 3015 tamen
965 2957 1062 3037 plera·

159 3072 220 3130 que
243 3067 406 3132 praecepta.
446 3052 528 3110 Nam
548 3051 610 3111 non
629 3050 758 3121 occides,
773 3069 833 3109 non
854 3050 1061 3121 moechaberis,

158 3166 222 3220 non
233 3147 392 3218 lirrabens,
404 3148 520 3210 honora
542 3160 659 3227 patrem
680 3149 710 3205 ιι
729 3155 864 3229 matrem,
878 3141 1062 3205 nonfalsum

124 3243 127 3249 ’
154 3222 364 3303 'testimonium
378 3242 497 3312 dixeris,
512 3262 574 3301 non
592 3242 788 3323 eoncupisoas
800 3262 849 3301 ιιι
862 3239 993 3320 proximi
1007 3229 1061 3308 tui,

161 3351 193 3400 et
225 3358 286 3398 non
313 3337 507 3417 concupisces
528 3349 654 3397 uxorem
674 3338 804 3417 proximi
836 3336 891 3406 tui,
911 3347 943 3393 et
973 3331 1061 3392 nobis

208 3530 295 3582 ‘Iron
307 3532 375 3582 aar.
386 3529 431 3581 lib.
444 3532 467 3591 ι,
478 3545 500 3580 ι.
510 3525 552 3591 ιι,
563 3533 632 3651 ιιὲι
659 3508 662 3516 ¹

333 3926 386 4025 ,ᾗ
424 3948 474 4017 n
