2408 4094
358 348 548 425 utnon
568 373 587 413 r
609 374 821 418 rsrsrsns.
997 366 1037 425 to

131 524 187 570 tus
201 509 330 570 Sanctia
343 510 555 591 pieeu'tnsesse
568 512 597 571 ei
617 527 724 592 potest,
738 515 789 592 qui
803 528 854 575 aut
867 515 976 589 Patris,
987 528 1040 579 sut

134 606 213 668 Filii
222 606 361 667 inimious
374 619 429 667 est.
437 608 456 643 ⁸
536 674 539 679 ‚

180 703 240 761 Itla
251 723 324 762 vero
337 700 440 780 omnia
452 724 520 781 quae
531 703 569 762 de
584 701 704 764 Christo
717 722 921 767 memorantur
934 707 972 768 ud
982 708 1040 768 dis·

136 798 349 879 pomationern
369 799 488 870 camis,
496 813 650 878 spectant:
680 800 771 879 igitur
789 801 891 862 Sancti
911 802 1040 883 Spiritus

139 895 366 955 memoratione
372 882 554 974 adimpletur
568 897 742 973 mysterium
754 896 945 967 Trinitatis.
956 899 1042 960 Siout

140 990 224 1049 enim
239 1011 316 1050 unus
331 990 440 1049 dicitur
452 991 545 1050 Pater
558 1006 588 1050 et
608 992 685 1051 alius
698 1014 758 1052 non
772 1007 817 1053 est
830 994 941 1054 Pater:
964 1012 1041 1055 unus

140 1080 251 1159 dieitur
264 1099 295 1145 et
308 1078 480 1164 unigenitus
486 1087 593 1157 Filius,
605 1102 636 1146 et
646 1089 721 1147 alius
732 1089 901 1168 unigenitus
909 1111 969 1149 non
980 1104 1041 1157 ests

132 1183 185 1245 ita
198 1196 244 1241 est
257 1196 289 1241 et
297 1183 425 1262 Spiritus
434 1183 561 1242 Sanctus
569 1204 655 1254 unus,
666 1197 696 1242 et
711 1185 785 1244 alius
796 1207 857 1247 non
866 1200 965 1266 potest
975 1207 1043 1246 esse

141 1277 273 1356 Spiritus
285 1279 423 1338 Sanctus.
464 1279 593 1357 Ut-ergo
607 1280 659 1338 fiat
677 1279 827 1357 distinotio
845 1302 1063 1362 personamus

142 1360 471 1449 affectionis-vocabulo
483 1389 694 1447 secernunturr
709 1377 816 1454 quibus
830 1377 881 1435 ille
895 1377 988 1436 Pater
1000 1378 1044 1437 in·

142 1470 304 1549 telligatur,
315 1490 355 1529 ex
368 1490 429 1548 quo
443 1471 552 1539 omnia,
567 1485 598 1529 et
615 1471 696 1548 quod
709 1471 774 1551 ipse
786 1493 847 1531 non
860 1473 973 1531 habeat
984 1472 1049 1532 Pu·-

142 1554 239 1639 trem3
261 1567 442 1627 Filiusvero
454 1580 598 1644 tanquam
611 1568 664 1644 qui
676 1587 715 1625 ex
729 1567 821 1633 Patre
835 1581 924 1627 ustus
937 1567 975 1626 sit
983 1591 991 1641 ς
1013 1581 1045 1628 st
1060 1638 1064 1643 ι

145 1653 281 1746 Spiritus
295 1661 424 1733 Sanetus
435 1675 589 1740 ,tanquam
611 1662 650 1720 de
671 1662 731 1721 Dei
752 1682 806 1720 ore
827 1662 994 1741 procedens
1014 1644 1046 1722 et

145 1743 254 1817 eunetu
267 1758 462 1819 smcufieans.
500 1757 544 1816 Ut
555 1771 655 1817 eutem
666 1777 727 1816 uns
737 1756 903 1834 eademque
916 1757 948 1816 in
959 1756 1047 1815 Trin-

145 1853 219 1913 itate
232 1833 370 1913 divinitas
378 1853 540 1925 donentur,
533 1854 632 1912 ·sieut
640 1851 755 1912 dictum
769 1865 823 1922 est,
835 1852 866 1910 in
875 1852 978 1914 Deum
987 1851 1047 1910 Pa·

145 1963 222 2008 trent
232 1948 314 2008 orodi
325 1948 444 2027 adjecta
456 1948 679 2058 praepositione,
690 1947 743 2015 ia,·
761 1948 802 2011 itu
810 1961 841 2006 et
853 1948 884 2006 ia
893 1947 1048 2007 Christum

147 2045 303 2112 Filium
276 2065 350 2123 ejus,
364 2044 406 2111 ita
419 2057 450 2102 et
462 2046 494 2102 in
509 2042 659 2153 Spiritum·
667 2044 811 2102 Sanctum
823 2040 1028 2106 memoraturi

209 2140 281 2220 lpse
292 2141 377 2200 solus
391 2154 436 2199 est
455 2153 595 2208 retornus,
611 2139 681 2217 quie
694 2139 779 2198 initio
793 2153 824 2203 et
836 2140 897 2198 fine
910 2153 1000 2209 curet,
1014 2137 1048 2199 id

148 2249 195 2296 est
205 2237 292 2296 Deus
305 2235 407 2307 Pater,
421 2237 471 2313 qui
486 2246 668 2313 coeternum
688 2235 753 2305 sibi,
764 2249 800 2294 et
809 2257 857 2295 co·
847 2236 1048 2319 omnipotens

148 2332 297 2417 Verbum,
311 2350 389 2391 oum
394 2344 454 2415 'quo
466 2307 614 2411 Spiritum
626 2331 771 2391 Sanctam
784 2331 936 2413 produxit.
964 2329 1050 2390 Misit

148 2428 396 2508 nobistSpititurn
417 2428 570 2498 Sanctam,
585 2427 624 2486 de
645 2426 766 2508 propria
779 2447 842 2496 sua,
857 2422 969 2506 etipsa
989 2444 1051 2483 una

152 2520 320 2584 substantia
333 2530 392 2582 suu
401 2537 612 2615 protectorem,
623 2516 881 2590 sanctificatorem,
895 2534 926 2579 et
938 2518 1051 2594 deduo·

150 2634 249 2680 torem
265 2619 296 2679 in
309 2619 401 2701 vttarn
421 2632 575 2689 aetemnm,
586 2618 666 2683 sient
688 2617 831 2695 scriptum
855 2627 901 2673 est
924 2633 964 2671 ex
977 2628 1052 2670 roos

152 2715 214 2785 Dei
223 2723 265 2775 :'“
273 2714 436 2777 Effundam
449 2710 612 2794 deSpiritu
620 2732 689 2771 meo
703 2730 795 2789 super
807 2728 909 2767 servos
918 2718 1012 2775 meos,
1022 2719 1053 2765 et
1133 2783 1139 2791 ι

153 2809 278 2875 ancillas
291 2806 411 2870 meas.”'
424 2808 553 2889 Spiritus
571 2815 676 2867 ,autem
698 2805 825 2864 Sanctus
839 2809 910 2861 vere
924 2799 1054 2881 Spiritus
1122 2796 1147 2849 2³

153 2922 200 2968 est
219 2907 385 2987 procedens
399 2905 522 2985 quidem
536 2927 555 2964 e
573 2903 675 2973 Putre,
690 2914 719 2960 et
740 2899 837 2971 turim
857 2897 912 2958 sed
925 2917 987 2958 non
1007 2904 1054 2958 est
1145 2930 1148 2935 ,
1173 2880 1181 2921 ⁵

154 3006 221 3087 ipse
235 2988 347 3073 Filius:
360 3003 432 3080 quio
453 3022 515 3060 non
538 3012 716 3078 generatum
737 3016 836 3088 neque
860 2995 962 3067 Pater,
981 2993 1056 3074 qnia
1138 2990 1144 3009 ⁴

156 3099 292 3183 procedit
316 3100 353 3158 sb
367 3112 504 3176 utroque,
518 3094 727 3173 nongenitus,
741 3113 802 3152 non
822 3092 982 3173 ingenitus,
992 3110 1056 3151 nou
1119 3122 1122 3130 ss
1174 3130 1180 3139 ·

157 3198 262 3277 faetus.
301 3194 366 3267 Qui
378 3214 440 3252 non
453 3205 652 3270 extempore,
666 3189 721 3249 sed
735 3189 773 3248 sb
787 3201 899 3248 aeterno
912 3208 931 3247 a
951 3185 1055 3256 Patre,

157 3291 298 3369 Filioque
312 3286 551 3371 inseparabiliter
559 3284 703 3367 procedit.
723 3283 765 3362 ξ·

307 3433 385 3481 ΕΛ
599 3422 903 3486 turtiusynhpur.
986 3441 991 3447 ·
1025 3464 1030 3471 .

205 3433 685 3559 taddrdespsmehbteto
697 3482 947 3553 οῐᾱοθῑαιῑιψοὶ
