2408 4094
381 380 573 425 cmm
594 382 614 424 ι
635 382 859 426 ursinos.
1022 371 1069 430 st

165 528 281 602 puteos
293 534 327 583 ut
339 523 396 581 sub
411 522 456 582 tui
471 522 551 602 juris
565 523 694 587 arbitrio
706 522 837 583 sunctum
849 542 912 583 suoe
934 524 1071 605 benigni·

165 617 407 698 misexponst·
454 628 460 636 ‘

172 710 304 773 Non
323 734 413 794 posse
437 713 475 773 ud
498 714 622 775 Putrem
645 716 805 794 perveniri,
826 717 884 777 nisi
903 682 1069 797 perfiiium

154 800 246 890 ·ejds
239 809 356 869 Jesnm
376 804 555 869 Christum.¹
580 811 616 869 In
640 813 797 890 evaugelio
817 827 885 875 csta
897 812 1068 895 Jonnncm·

165 916 187 944 ⁸⁸
196 909 267 991 Ego
280 907 347 968 suin
360 909 418 978 vis,
431 909 541 968 veritus
555 922 586 967 et
598 908 678 968 vita:
698 929 789 968 nemo
802 910 931 969 venited
944 890 1069 972 Putrem

164 1005 224 1065 nisi
238 1012 295 1084 pei
306 1008 387 1065 me.”
401 1036 405 1041 ·
417 1005 499 1069 Item¹
508 1005 588 1065 illicz
610 1004 708 1083 “Ego
721 1026 789 1064 sum
802 1006 929 1066 ostium:
949 1028 1006 1088 per
1018 1028 1069 1069 me

165 1104 273 1182 siquis
287 1096 442 1177 introierit,
456 1106 646 1164 s'slvediturl'
689 1102 766 1163 Item
787 1090 827 1163 in*
839 1107 955 1166 sctibus
969 1108 1069 1187 Apei-

156 1201 298 1259 tolonum
308 1223 323 1260 τ·
339 1209 356 1235 “
366 1190 429 1261 Hic
452 1215 498 1260 est
520 1201 608 1281 iupis,
623 1188 674 1277 qui
695 1215 862 1265 contemtus
887 1215 933 1261 cst
953 1202 1069 1271 scobis

164 1295 392 1368 edificantibus,
406 1297 570 1379 quisentus
584 1309 630 1355 est
643 1297 674 1355 in
688 1304 779 1376 ceput
792 1298 902 1376 anguli.
937 1299 1009 1362 Non
1023 1310 1069 1359 est

165 1391 247 1450 enini
260 1395 374 1451 nomen
387 1393 469 1452 eliud
482 1393 538 1452 sub
552 1394 629 1452 coelo
644 1392 747 1452 duum
762 1376 940 1465 hominibus,
955 1395 986 1453 in
1006 1415 1068 1473 quo

165 1476 285 1567 oportet
293 1489 404 1551 sanari
416 1485 524 1551 uos.''†

170 1603 173 1608 ·
225 1583 357 1661 ch⁸snt
377 1583 509 1642 ed'huno
529 1603 644 1654 omnes,
658 1583 710 1661 qui
731 1583 832 1642 seueri
845 1585 966 1656 volunt3
992 1584 1068 1645 ucci-

164 1678 248 1758 pisnt
261 1672 523 1748 medicamentunr,
538 1679 620 1757 quod
634 1692 665 1736 et
679 1699 698 1737 c
711 1678 803 1736 Patre
817 1677 933 1747 detulit,
948 1690 979 1736 et
991 1698 1068 1757 prse-

164 1775 281 1853 pnrsvit
292 1775 324 1832 in
338 1776 414 1859 ctnlo
424 1795 463 1833 ex
477 1775 536 1833 illis
550 1775 720 1833 confectum
730 1773 948 1832 immortalibus
961 1772 1068 1835 succis.

164 1869 241 1929 Ideo
265 1871 403 1930 omnibus
427 1866 517 1951 opem
539 1872 675 1930 sanitatis
702 1870 818 1940 detulit,
840 1883 873 1928 ut
896 1870 1078 1949 quicunque-1

88 2033 92 2038 ¹
163 1962 303 2046 per-ierit]
311 1967 414 2026 mortis
427 1982 499 2026 suut¹
510 1988 631 2027 caussus
645 1967 702 2026 sibi
717 1965 877 2036 adscribat,
891 1967 942 2045 qui
967 1967 1066 2027 curari

162 2060 269 2133 noluit,
284 2083 354 2121 cum
376 2062 545 2122 remedium
568 2064 777 2140 haberetque
801 2076 904 2142 posset
927 2062 1065 2125 evadam.

164 2156 273 2217 Inveni
284 2158 437 2217 medicum
451 2159 548 2237 quiin
562 2160 639 2218 coeio
653 2159 774 2228 habitst„
790 2171 822 2217 ct
834 2159 865 2218 in
883 2160 969 2219 terris
983 2174 1066 2240 sper·

108 2284 143 2328 ⁴4
162 2252 208 2333 git
230 2254 458 2314 medicamento
499 2255 666 2340 linceius
693 2268 792 2334 potest
815 2277 920 2316 sanum
940 2240 1068 2316 vulnero¹

162 2369 243 2420 meu,
256 2351 309 2428 qui
319 2352 493 2433 euanescit.
519 2351 671 2410 'Pretium
685 2360 794 2411 nostrae
802 2353 988 2412 liberationis
1002 2365 1066 2412 erut

125 2484 130 2488 -
162 2432 291 2555 sanguis·
319 2446 551 2516 Domini-decu,
573 2446 654 2524 quod
683 2447 857 2506 necessario
889 2447 1066 2506 solvendum

162 2553 229 2601 cret
251 2541 290 2611 ei,
298 2541 354 2601 cui
376 2543 508 2622 peccatis
528 2542 637 2601 nostris
650 2540 763 2601 venditi
787 2561 916 2599 eremus.
957 2526 1066 2601 Donec

161 2636 258 2719 igitur
266 2637 325 2696 hoc
338 2638 468 2717 pretium
480 2658 536 2717 pro
550 2638 688 2697 omnibus
702 2638 870 2695 solveretur
884 2635 1066 2723 horninibus,

158 2731 245 2810 qnod
268 2714 435 2792 Dominici
430 2734 594 2812 sanguinis
615 2731 759 2791 effusione
781 2751 837 2809 pro
856 2730 989 2788 omnium
1009 2731 1067 2822 fuit

162 2828 342 2889 soivcndum
352 2826 538 2889 nbsoiuttone
540 2850 634 2908 opus
642 2826 701 2886 funt
708 2826 894 2905 ungulorum
904 2846 1065 2905 sunguine

161 2943 216 3002 qm
205 2923 317 3003 l,ege
320 2937 352 2984 et
358 2924 590 2985 consuetudinis
603 2925 671 2983 ritu
678 2944 771 2989 suom
795 2935 949 3003 praecepte
961 2944 1067 3003 seque·

160 3028 247 3079 retur
258 3014 441 3103 religionis.
463 3020 525 3081 Sed
536 3021 608 3100 quis
620 3021 752 3102 pretium
765 3026 822 3101 pro
836 3020 974 3082 omnibus
987 3021 1066 3082 solu·

162 3110 229 3183 'tum
251 3129 306 3186 est,
327 3131 530 3197 posteaquam
549 3138 672 3197 passus-
664 3132 725 3177 -est
744 3108 879 3178 Christus
905 3118 1065 3189 Dominus,

156 3210 160 3215 ’
166 3212 234 3292 jem
248 3230 309 3273 non
323 3233 399 3293 opus
419 3227 472 3284 est,
488 3226 521 3272 ut
534 3215 645 3279 viritim
661 3215 781 3292 sanguis
802 3215 988 3293 singulorum
1011 3215 1066 3272 cir·

164 3308 347 3368 cumcisione
359 3309 521 3369 fundetur:
514 3330 606 3369 ·cum
620 3311 652 3376 in
665 3304 809 3390 sunguine
819 3310 967 3370 Christi
941 3329 1067 3368 cucum-

211 3503 326 3553 Arnob.
337 3502 393 3554 odv-
405 3505 479 3558 Gcnt.
489 3504 534 3555 lib.
545 3510 570 3555 2.
619 3504 694 3570 icyp
715 3506 782 3554 Test.
793 3501 838 3551 lib.
850 3503 874 3562 3,
890 3512 913 3550 c.
924 3503 965 3561 ΞΟ,
976 3495 1017 3551 24.
