2408 4094
353 374 546 416 sstecrss
568 374 586 415 r
609 375 834 417 susurrus.
987 363 1045 420 1³7

135 514 316 593 brazqm'bus
335 515 414 594 rapti
434 527 503 579 sunt
525 529 615 592 atque
628 516 771 574 translati.
811 516 889 576 Haec
913 530 958 576 est
971 538 1044 576 vera

134 612 366 671 ressurectionis
380 611 538 681 confessio,
553 632 621 688 quae
635 613 679 669 sic
693 612 819 693 gloriam
834 614 916 671 carni
929 614 1042 685 tribuit,

136 703 246 766 utnon
261 706 382 765 auferat
390 707 575 766 veritatem!

124 812 128 820 '
198 803 278 861 Cum
291 824 396 862 omues
410 784 546 871 ecclesiae
560 804 603 861 ita
612 818 830 862 sacramentum
844 807 972 882 symboli
983 820 1041 865 tra·

136 899 221 968 dam,-
237 913 270 957 ut
291 914 448 978 postquam
468 899 615 967 dixerant,
634 911 817 974 pcccatorum
838 903 1041 975 remissionem,

136 986 250 1062 addant
277 995 374 1053 carnis
404 996 669 1054 resurrectionem:
705 1010 808 1053 sancta
835 997 1041 1073 Aquileiensis

135 1091 275 1164 ecelesia,
290 1091 342 1149 ubi
355 1091 446 1149 tradit
466 1092 565 1149 carnis
586 1093 836 1151 resurrectionem
858 1093 939 1152 addit
954 1096 1042 1155 unius

135 1186 324 1268 pronominis
337 1188 501 1264 syllabam
523 1201 553 1245 et
577 1209 632 1265 pro
653 1208 689 1245 eo
705 1188 785 1264 quod
807 1189 907 1247 caetori
930 1189 1041 1261 dicunt,

136 1276 237 1336 curnis
257 1282 500 1348 resurrectionem,
515 1302 570 1338 nos
585 1281 712 1339 dicimus
731 1283 814 1359 inty'm
835 1285 934 1341 carnis
949 1303 1041 1341 resur·

134 1364 296 1448 rectionem.
337 1376 409 1434 Siv'e
430 1397 502 1454 ergo
525 1394 633 1447 corpus
654 1394 888 1438 resurrecturum
904 1380 1039 1452 dicimus,

135 1461 304 1530 seeundum
318 1474 498 1549 Apostolum
513 1472 638 1530 dicimus
654 1475 721 1549 (hoc
736 1475 815 1532 enim
833 1476 953 1533 nomine
969 1497 1040 1534 usus

103 1600 106 1605 ·
135 1568 194 1642 est)
209 1567 273 1625 sive
287 1588 409 1641 carnem
428 1554 564 1637 dicimus,
579 1568 744 1626 secundum
759 1570 948 1627 traditionem
963 1592 1040 1647 syrn-

134 1664 200 1721 boli
210 1664 401 1747 ponfitemur3
441 1645 544 1741 Hujus
558 1663 655 1720 carnis
677 1665 926 1722 resurrectionem
947 1684 1040 1724 uusus

135 1759 203 1817 sine
213 1758 306 1819 dubio
314 1779 413 1841 quam,
420 1760 445 1816 is
454 1760 505 1836 qui
514 1758 672 1837 profertur,
679 1760 833 1836 signaculo
845 1760 941 1818 crucis
951 1761 1041 1819 fronti

135 1855 278 1934 imposito
302 1855 465 1932 contingit3
491 1875 551 1931 quo
575 1855 648 1912 sciat
671 1855 874 1932 unusquisque
894 1855 1040 1927 fidelium,

137 1940 258 2030 oduntem
272 1970 357 2017 suam
372 1951 396 2015 si
411 1950 555 2008 mundam
569 1951 731 2008 servaverit
740 1971 758 2007 a
770 1964 896 2029 peccato
909 1951 1056 2012 futurame

136 2047 414 2117 insessohonotis,
429 2047 502 2104 utile
528 2047 660 2104 Domino
674 2046 713 2104 ad
727 2067 815 2105 omne
830 2068 906 2126 opus
926 2049 1041 2114 bouum

136 2140 297 2226 paritum:
318 2141 344 2201 si
357 2162 429 2200 vero
444 2142 644 2200 contaminata
657 2142 746 2200 fuerit
759 2143 789 2200 in
804 2144 947 2221 peccatis,
960 2144 1040 2211 sutu-

133 2226 201 2298 'isrn
226 2258 365 2316 esse-vas
385 2221 438 2296 imi
463 2236 502 2310 ad
526 2237 686 2295 interitum.
727 2238 795 2297 Jam
819 2260 890 2298 vero
907 2240 953 2298 -de
973 2241 1041 2320 ipsa

135 2329 365 2394 resurrectionis
375 2332 479 2412 gloria,
491 2347 521 2391 et
535 2333 573 2406 de
587 2333 816 2411 promissionum
825 2336 1041 2413 ‘magnitudine

136 2430 242 2508 siquis
266 2430 385 2507 plenius
405 2429 482 2487 seire
497 2429 808 2499 desideret,·omnibus
832 2452 911 2509 pene
932 2431 1040 2490 divinis

125 2520 340 2581 'voluminibus
352 2522 485 2581 inveniet
496 2521 629 2580 indicati.
644 2578 646 2587 ,
671 2521 734 2580 Sed
747 2535 777 2580 et
792 2523 957 2600 Apostolus
970 2542 1041 2580 cum
1137 2546 1145 2569 ν

138 2617 705 2697 dicit,.“Oportet'enim'corruptibile
725 2617 783 2674 hoc
806 2616 931 2675 iuduere
946 2616 1041 2675 incor-

136 2714 318 2794 ruptionem,
333 2727 365 2772 et
379 2715 508 2779 ¹mortulo
521 2715 580 2772 hoc
593 2713 719 2770 induere
738 2712 992 2770 immortalitatem
1002 2734 1011 2772 t
1021 2712 1048 2747 ”·

137 2800 285 2888 numquid
296 2831 358 2868 non
372 2831 481 2888 corpus
494 2830 582 2868 suum
597 2806 817 2885 quodammodo
842 2807 1040 2885 contingentis

138 2907 289 2989 etgdigito
310 2898 462 2986 palpantis
486 2920 530 2964 est
550 2907 631 2964 voxi
672 2904 742 2964 Hoc
766 2925 838 2982 ergo
859 2904 940 2981 quod
960 2925 1041 2965 nune

137 3004 333 3083 cormptibile
343 3023 454 3082 eorpus
469 3016 523 3072 est,
538 3001 762 3060 resurrectionis
778 3001 875 3079 gratis
887 3002 1040 3083 incorrup-

137 3100 223 3158 tibile
246 3113 300 3170 est,
324 3113 355 3157 et
377 3119 457 3157 nunc
481 3086 712 3176 quod-mortale
734 3112 788 3168 est,
809 3098 1040 3159 immortalitatis

137 3196 296 3255 uirtutibus
310 3192 474 3254 induetur.l
560 3202 562 3207 '
657 3200 663 3209 ¹
735 3190 739 3197 ’

187 3408 201 3434 ’
211 3408 314 3456 Hieron.
322 3411 373 3472 up.
385 3411 425 3464 55,
435 3411 474 3465 t1,
486 3405 518 3454 ud
529 3408 597 3454 Pam.

186 3470 381 3554 llluffiusdpol,
393 3487 447 3537 udi.
460 3487 530 3537 iiior.
542 3468 637 3552 prolog.
650 3488 735 3551 Pomp.
748 3492 775 3535 et
787 3483 813 3534 in
823 3482 912 3550 symb.
